<?xml version="1.0" encoding="UTF-8"?><record xmlns="http://www.loc.gov/MARC21/slim" xmlns:cinclude="http://apache.org/cocoon/include/1.0" xmlns:zs="http://www.loc.gov/zing/srw/">
  <leader>00476nz  a2200145n  4500</leader>
  <controlfield tag="001">no2003056240</controlfield>
  <controlfield tag="003">DLC</controlfield>
  <controlfield tag="005">20030609052135.0</controlfield>
  <controlfield tag="008">030608n| acannaabn          |n aaa     c</controlfield>
  <datafield tag="010" ind1=" " ind2=" ">
    <subfield code="a">no2003056240</subfield>
  </datafield>
  <datafield tag="035" ind1=" " ind2=" ">
    <subfield code="a">(OCoLC)oca06070336</subfield>
  </datafield>
  <datafield tag="040" ind1=" " ind2=" ">
    <subfield code="a">MnManS</subfield>
    <subfield code="b">eng</subfield>
    <subfield code="c">MnManS</subfield>
  </datafield>
  <datafield tag="100" ind1="1" ind2=" ">
    <subfield code="a">Mays, Michael P.</subfield>
  </datafield>
  <datafield tag="670" ind1=" " ind2=" ">
    <subfield code="a">Qualitative analysis of family development, 1968:</subfield>
    <subfield code="b">p. 86 (Contributed by Michael Mays (University of Hawaii) ... )</subfield>
  </datafield>
  <datafield tag="670" ind1=" " ind2=" ">
    <subfield code="a">Coming together, 1973:</subfield>
    <subfield code="b">t.p. (Michael P. Mays)</subfield>
  </datafield>
</record>